Add BibTeX references here

@misc{hbrSupplychain,
  title = {Building a Transparent Supply Chain},
  author = {Gaur, Vishal and Gaiha, Abhinav},
  publisher = {Harvard Business Review},
  howpublished = {\url{
                  https://hbr.org/2020/05/building-a-transparent-supply-chain}},
  date = {Mayâ€“June 2020},
}

